@comment{x-kbibtex-personnameformatting=<%f ><%l><, %s>}

@techreport{fj,
    author = "Atsushi Igarashi and Benjamin C. Pierce and Philip Wadler",
    title = "Featherweight Java: A Minimal Core Calculus for Java and GJ",
    institution = "ACM Transactions on Programming Languages and Systems",
    year = "2002"
}